<?xml version="1.0" encoding="UTF-8"?><collection xmlns="http://www.loc.gov/MARC21/slim"><record><leader>00526nam--2200133-i-4500</leader><controlfield tag="001">000012651</controlfield><controlfield tag="002">20161230</controlfield><controlfield tag="005">20170219234059</controlfield><controlfield tag="008">060222s1000------------r-----000-0-eng-d</controlfield><datafield ind1=" " ind2=" " tag="245"><subfield code="a">Curs de prognoza. Curs tinut sub auspiciile comisiei de prognoza a municipiului bucuresti cu concursul laboratorului de cercetari prospective al Universitatii Bucuresti</subfield></datafield><datafield ind1=" " ind2=" " tag="260"><subfield code="a">Bucuresti</subfield><subfield code="b">Centrul De Informare Si Documentare In Stiintele Sociale Si Politice</subfield><subfield code="c">/F.An</subfield></datafield><datafield ind1=" " ind2=" " tag="300"><subfield code="a">454 p</subfield></datafield><datafield ind1=" " ind2=" " tag="852"><subfield code="a">008.2:338.27</subfield></datafield><datafield ind1=" " ind2=" " tag="CAT"><subfield code="a">SYS</subfield><subfield code="c">20170219</subfield><subfield code="h">234059</subfield></datafield></record></collection>